@misc{IN4200,
	title={{IN3200/IN4200 Home Exam 1, Spring 2020}},
	howpublished={\url{https://www.uio.no/studier/emner/matnat/ifi/IN3200/v20/teaching-material/in3200_in4200_home_exam1_v20.pdf}}
}